@article{einstein,
    author = "Albert Einstein",
    title = "{Zur Elektrodynamik bewegter K{\"o}rper}. ({German})
    [{On} the electrodynamics of moving bodies]",
    journal = "Annalen der Physik",
    volume = "322",
    number = "10",
    pages = "891--921",
    year = "1905",
    DOI = "http://dx.doi.org/10.1002/andp.19053221004",
    keywords = "physics"
}

@book{dirac,
    title = {The Principles of Quantum Mechanics},
    author = {Paul Adrien Maurice Dirac},
    isbn = {9780198520115},
    series = {International series of monographs on physics},
    year = {1981},
    publisher = {Clarendon Press},
    keywords = {physics}

}

@online{knuthwebsite,
    author = "Donald Knuth",
    title = "Knuth: Computers and Typesetting",
    url  = "http://www-cs-faculty.stanford.edu/~uno/abcde.html",
    addendum = "(accessed: 01.09.2016)",
    keywords = "latex,knuth"
}

@inbook{knuth-fa,
    author = "Donald E. Knuth",
    title = "Fundamental Algorithms",
    publisher = "Addison-Wesley",
    year = "1973",
    chapter = "1.2",
    keywords  = "knuth,programming"
}

@book{blackscholes,
    title = {The Black-Scholes Model},
    author = {Marek Capinski, Ekkehard Kopp},
    isbn = {9780521173001},
    year = {2012},
    publisher = {Cambridge University Press},
    keywords = {black-scholes}
}
@online{itoprocess,
    author = "Prof. Yuh-Dauh Lyuu",
    title = "Ito Process",
    url  = "https://www.csie.ntu.edu.tw/~lyuu/finance1/2012/20120418.pdf",
    addendum = "(accessed: 15.04.2022)",
    keywords = "ito,process"
}
@online{SDE,
    author = "Steven P. Lalley",
    title = "Stochastic Differential Equations",
    url  = "https://galton.uchicago.edu/~lalley/Courses/385/SDE.pdf",
    addendum = "(accessed: 16.04.2022)",
    keywords = "stochastic,differential,equations"
}
@online{quadtraticvariation,
    author = "a.gnedin",
    title = "Ito formula and processes",
    url  = "https://webspace.maths.qmul.ac.uk/a.gnedin/StochCalcDocs/StochCalcSection3.pdf",
    addendum = "(accessed: 16.04.2022)",
    keywords = "quadratic,variation"}
@online{shares,
    author = "The Investopedia Team",
    title = "Shares",
    url  = "https://www.investopedia.com/terms/s/shares.asp",
    addendum = "(accessed: 16.04.2022)",
    keywords = "shares"}
@online{options,
    author = "James Chen",
    title = "Options",
    url  = "https://www.investopedia.com/terms/o/option.asp",
    addendum = "(accessed: 16.04.2022)",
    keywords = "options"}
@online{volkswagen,
    author = " Sean",
    title = "Remembering the Legendary Volkswagen Short Squeeze",
    url  = "https://www.warriortrading.com/volkswagen-short-squeeze/",
    addendum = "(accessed: 17.04.2022)",
    keywords = "volkswagen,short,squeeze"}
@online{wsb,
    author = "Reddit.com",
    title = "wallstreetbets",
    url  = "https://www.reddit.com/r/wallstreetbets/",
    addendum = "(accessed: 17.04.2022)",
    keywords = "wsb,wallstreetbets,reddit"}
@online{scholesapplication,
    author = "A. S. Shinde, K. C. Takale",
    title = "Study of Black-Scholes and its applications",
    url  = "https://pdf.sciencedirectassets.com/278653/1-s2.0-S1877705812X00183/1-s2.0-S1877705812019480/main.pdf",
    addendum = "(accessed: 18.04.2022)",
    keywords = "blackscholes,application"}
@online{nyse,
    author = "New York Stock Exchange",
    title = "GAMESTOP CORPORATION GME",
    url  = "https://www.nyse.com/quote/XNYS:GME/QUOTE",
    addendum = "(accessed: 18.04.2022)",
    keywords = "nyse, gamestop"}
@online{wikipedia,
    author = "Wikipedia",
    title = "BlackScholes equation",
    url  = "https://en.wikipedia.org/wiki/Black%E2%80%93Scholes_equation",
    addendum = "(accessed: 18.04.2022)",
    keywords = "wikipedia, blackscholes"}